<record><leader>00000cas a22000008a 4500</leader><controlfield tag="001">795202090</controlfield><controlfield tag="008">120612c20129999mdumr n       |   a0eng  </controlfield><datafield ind1=" " ind2=" " tag="010"><subfield code="a">  2012200328</subfield></datafield><datafield ind1=" " ind2=" " tag="040"><subfield code="a">DLC</subfield><subfield code="b">eng</subfield><subfield code="c">DLC</subfield><subfield code="d">DLC</subfield><subfield code="d">OCLCQ</subfield></datafield><datafield ind1=" " ind2=" " tag="012"><subfield code="l">1</subfield></datafield><datafield ind1="0" ind2=" " tag="022"><subfield code="a">2168-2135</subfield><subfield code="2">1</subfield></datafield><datafield ind1=" " ind2=" " tag="037"><subfield code="b">India America Today, LLC, 3925 Halsey St., Kensington, MD 20895</subfield></datafield><datafield ind1=" " ind2=" " tag="042"><subfield code="a">msc</subfield></datafield><datafield ind1="1" ind2="0" tag="050"><subfield code="a">ISSN RECORD</subfield></datafield><datafield ind1="0" ind2="0" tag="245"><subfield code="a">India America today.</subfield></datafield><datafield ind1=" " ind2=" " tag="260"><subfield code="a">Kensington, MD :</subfield><subfield code="b">India America Today, LLC</subfield></datafield><datafield ind1=" " ind2=" " tag="263"><subfield code="a">201206</subfield></datafield><datafield ind1=" " ind2=" " tag="310"><subfield code="a">Monthly</subfield></datafield><datafield ind1=" " ind2=" " tag="336"><subfield code="a">text</subfield><subfield code="b">txt</subfield><subfield code="2">rdacontent</subfield></datafield><datafield ind1=" " ind2=" " tag="337"><subfield code="a">unmediated</subfield><subfield code="b">n</subfield><subfield code="2">rdamedia</subfield></datafield><datafield ind1="0" ind2="8" tag="776"><subfield code="i">Online version:</subfield><subfield code="t">India America today</subfield><subfield code="x">2168-2143</subfield><subfield code="w">(DLC)  2012200329</subfield><subfield code="w">(OCoLC)795224858</subfield></datafield><datafield ind1=" " ind2=" " tag="936"><subfield code="a">PREPUB: Publication expected: June 16, 2012</subfield></datafield></record>